// Spectral imaging (hardware/optics)
@artical{Qingli:2013:spectralImagingTech,
    author = "Qingli Li and Xiaofu He and Yiting Wang and Hongying Liu and Dongrong Xu and Fangmin Guo",
    title = "Review of spectral imaging technology in biomedical engineering: achievements and challenges",
    journal = "Journal of Biomedical Optics",
    year = "2013",
    volume = "18"
}

// Spectral unmixing
@artical{Shi:2014:spectralUnmixing,
    author = "Chen Shi and Le Wang",
    title = "Incorporating spatial information in spectral unmixing: A review",
    journal = "Elsevier",
    year = "2014",
    volume = "149"
}
@artical{Bioucas-Dias:2012:unmixingOverview,
    author = "Jos{\'e} M. Bioucas-Dias and Antonio Plaza and Nicolas Dobigeon and Mario Parente and Qian Du and Paul Gader and Jocelyn Chanussot",
    title = "Hyperspectal Unmixing Overview: Geometrical, Statistical, and Sparse Regression-Based Approaches",
    journal = "IEEE Journal of Selected Topics in Applied Earth Observations and Remote Sensing",
    year = "2012", 
    volume = "5"
}

// Biological and soft systems research group
@techreport{Luthman:2015:hyperspectralImager,
    author = "A. Siri Luthman and Sarah E. Bohndiek",
    title = "Experimental evaluation of a hyperspectral imager for near-infrared fluorescent contrast agent studies",
    institution = "University of Cambridge",
    year = "2015"
}

// Encog library
@article{JMLR:v16:heaton15a,
  author  = {Jeff Heaton},
  title   = {Encog: Library of Interchangeable Machine Learning Models for Java and C#},
  journal = {Journal of Machine Learning Research},
  year    = {2015},
  volume  = {16},
  pages   = {1243-1247},
  url     = {http://jmlr.org/papers/v16/heaton15a.html}
}

// Visual random forests
@INPROCEEDING{ Haensch:2015:IVAPP15,
  author = {HÃ¤nsch, Ronny and Hellwich, Olaf},
  title  = {Performance Assessment and Interpretation of Random Forests by Three-Dimensional Visualizations},
  booktitle = {Proceedings of the International Conference on Information Visualization Theory and Application, IVAPP 2015},
  volume = {tba},
  pages  = {tba},
  year   = {2015}
}

// 

// Machine learning algorithms
-DECISION FORESTS BOOK
