@BOOK{HenPat2012,
TITLE = "Computer Architecture A Quantitative Approach",
EDITION = "5th",
AUTHOR = "Hennessy, John L. and Patterson, David A.",
PUBLISHER = "Morgan Kaufmann",
YEAR = "2012"
}

@MANUAL{MIPSIV,
TITLE = "MIPS IV Instruction Set",
AUTHOR = "Rice, Charles",
ORGANIZATION = "MIPS Technologies, Inc.",
YEAR = "1995",
MONTH = "September"
} 

@MANUAL{MIPSVI,
TITLE = "MIPS Architecture For Programmers Volume II-A: The MIPS64 Instruction Set",
ORGANIZATION = "Imagination Technologies, Inc.",
YEAR = "2014",
MONTH = "April"
} 

@MANUAL{RISCV_MAN,
TITLE = "The RISC-V Instruction Set Manual Volume I: User-Level ISA",
AUTHOR = "Andrew Waterman and Yunsup Lee and David Patterson and Krste Asanovi\'{c}",
ORGANIZATION = "CS Division, EECS Department, University of California, Berkeley",
YEAR = "2014",
MONTH = "May"
} 

 @InProceedings{Gustafsson:WCET2010:Benchmarks,
author = {Jan Gustafsson and Adam Betts and Andreas Ermedahl and Bj{\"{o}}rn Lisper},
title = {The {M{\"a}lardalen} {WCET} Benchmarks -- Past, Present and Future},
booktitle = WCET2010,
OPTcrossref = {},
OPTkey = {},
pages = {137--147},
year = {2010},
editor = {Bj{\"o}rn Lisper},
OPTvolume = {},
OPTnumber = {},
OPTseries = {},
address = {Brussels, Belgium},
month = jul,
OPTorganization = {},
publisher = {OCG},
OPTnote = {},
OPTannote = {}
}

@article{perleberg1993branch,
  title={Branch target buffer design and optimization},
  author={Perleberg, Chris H. and Smith, Alan Jay},
  journal={Computers, IEEE Transactions on},
  volume={42},
  number={4},
  pages={396--412},
  year={1993},
  publisher={IEEE}
}

@article{weicker1984dhrystone,
  title={Dhrystone: a synthetic systems programming benchmark},
  author={Weicker, Reinhold P},
  journal={Communications of the ACM},
  volume={27},
  number={10},
  pages={1013--1030},
  year={1984},
  publisher={ACM}
}

@book{mcfarling1986reducing,
  title={Reducing the cost of branches},
  author={McFarling, Scott and Hennesey, J},
  volume={14},
  number={2},
  year={1986},
  publisher={IEEE Computer Society Press}
}

@article{chang1997improving,
  title={Improving branch prediction accuracy by reducing pattern history table interference},
  author={Chang, Po-Yung and Evers, Marius and Patt, Yale N},
  journal={International Journal of Parallel Programming},
  volume={25},
  number={5},
  pages={339--362},
  year={1997},
  publisher={Springer}
}

@article{sites1993alpha,
  title={Alpha AXP architecture},
  author={Sites, Richard L},
  journal={Communications of the ACM},
  volume={36},
  number={2},
  pages={33--44},
  year={1993},
  publisher={ACM}
}

@online{AppleXCode,
  author = {Apple Inc.},
  title = {Apple XCode},
  url = {https://developer.apple.com/xcode/features/},
  urldate = {2015-04-14}
}

@online{riscvWebsite,
  title = {RISC-V},
  url = {riscv.org},
  urldate = {2015-05-09}
}

@inproceedings{persim,
  title={Understanding the impact of gate-level physical reliability effects on whole program execution},
  author={Balasubramanian, Raghuraman and Sankaralingam, Karthikeyan},
  booktitle={High Performance Computer Architecture (HPCA), 2014 IEEE 20th International Symposium on},
  pages={60--71},
  year={2014},
  organization={IEEE}
}

@article{pallister2013beebs,
  title={BEEBS: Open benchmarks for energy measurements on embedded platforms},
  author={Pallister, James and Hollis, Simon and Bennett, Jeremy},
  journal={arXiv preprint arXiv:1308.5174},
  year={2013}
}

@article{mann1947test,
  title={On a test of whether one of two random variables is stochastically larger than the other},
  author={Mann, Henry B and Whitney, Donald R},
  journal={The annals of mathematical statistics},
  pages={50--60},
  year={1947},
  publisher={JSTOR}
}

@article{shapiro1965analysis,
  title={An analysis of variance test for normality (complete samples)},
  author={Shapiro, Samuel Sanford and Wilk, Martin B},
  journal={Biometrika},
  pages={591--611},
  year={1965},
  publisher={JSTOR}
}

@article{welch1947generalization,
  title={The generalization ofstudent's' problem when several different population variances are involved},
  author={Welch, Bernard L},
  journal={Biometrika},
  pages={28--35},
  year={1947},
  publisher={JSTOR}
}


