// Spectral imaging (hardware/optics)
@artical{
    author = "Qingli Li and Xiaofu He and Yiting Wang and Hongying Liu and Dongrong Xu and Fangmin Guo",
    title = "Review of spectral imaging technology in biomedical engineering: achievements and challenges",
    journal = "Journal of Biomedical Optics",
    year = "2013",
    volume = "18"
}

// Spectral unmixing
@artical{
    author = "Chen Shi and Le Wang",
    title = "Incorporating spatial information in spectral unmixing: A review",
    journal = "Elsevier",
    year = "2014",
    volume = "149"
}
@artical{
    author = "Jos{\'e} M. Bioucas-Dias and Antonio Plaza and Nicolas Dobigeon and Mario Parente and Qian Du and Paul Gader and Jocelyn Chanussot",
    title = "Hyperspectal Unmixing Overview: Geometrical, Statistical, and Sparse Regression-Based Approaches",
    journal = "IEEE Journal of Selected Topics in Applied Earth Observations and Remote Sensing",
    year = "2012", 
    volume = "5"
}

// Biological and soft systems research group
@techreport{
    author = "A. Siri Luthman and Sarah E. Bohndiek",
    title = "Experimental evaluation of a hyperspectral imager for near-infrared fluorescent contrast agent studies",
    institution = "University of Cambridge",
    year = "2015"
}

// Machine learning algorithms
-DECISION FORESTS BOOK
-ARTIFICAIAL INTELLIGENCE I and II from CL
-Wiki links for SVM?
-COMPUTER VISION???